<collection xmlns="http://www.loc.gov/MARC21/slim"><record><leader>00606nam  2200181   450</leader><controlfield tag="001">535</controlfield><controlfield tag="003">http://montalegre.opacnet.com/OPAC/default.aspx?ContentAreaControl=ShowRegHoldings.ascx&amp;RegNo=16662</controlfield><datafield tag="100" ind1=" " ind2=" "><subfield code="a">20070521d1968    m  y0pory0103    ba</subfield></datafield><datafield tag="101" ind1="0" ind2=" "><subfield code="a">por</subfield></datafield><datafield tag="102" ind1=" " ind2=" "><subfield code="a">PT</subfield></datafield><datafield tag="200" ind1="1" ind2=" "><subfield code="a">&lt;O &gt;olho de vidro</subfield><subfield code="e">romance histórico</subfield><subfield code="f">Camilo Castelo Branco</subfield></datafield><datafield tag="205" ind1=" " ind2=" "><subfield code="a">6ª ed</subfield></datafield><datafield tag="210" ind1=" " ind2=" "><subfield code="a">Lisboa</subfield><subfield code="c">Parceria A.M. Pereira</subfield><subfield code="d">1968</subfield></datafield><datafield tag="215" ind1=" " ind2=" "><subfield code="a">223, [2] p.</subfield><subfield code="d">20 cm</subfield></datafield><datafield tag="225" ind1="2" ind2=" "><subfield code="a">Obras de Camilo Castelo Branco</subfield><subfield code="v">23</subfield></datafield><datafield tag="675" ind1=" " ind2=" "><subfield code="a">821.134.3-31"19"</subfield><subfield code="v">BN</subfield><subfield code="z">por</subfield></datafield><datafield tag="700" ind1=" " ind2="1"><subfield code="a">Castelo Branco</subfield><subfield code="b">Camilo</subfield><subfield code="f">1825-1890</subfield></datafield><datafield tag="801" ind1=" " ind2="0"><subfield code="a">PT</subfield><subfield code="b">Biblioteca Municipal de Montalegre</subfield><subfield code="g">RPC</subfield></datafield><datafield tag="909" ind1="&#9;" ind2=" "><subfield code="a">1</subfield></datafield><datafield tag="966" ind1=" " ind2=" "><subfield code="a">0012051</subfield><subfield code="l">BMM</subfield><subfield code="s">SCG 821.134.3 CAS olh 23</subfield></datafield></record></collection>